@ARTICLE{2017ApJ...850..103B,
       author = {{Boley}, A.~C.},
        title = "{On the Origin of Banded Structure in Dusty Protoplanetary Disks: HL Tau and TW Hya}",
      journal = {\apj},
     keywords = {minor planets, asteroids: general, planet─disk interactions, protoplanetary disks, Astrophysics - Earth and Planetary Astrophysics},
         year = 2017,
        month = Nov,
       volume = {850},
          eid = {103},
        pages = {103},
          doi = {10.3847/1538-4357/aa93d7},
archivePrefix = {arXiv},
       eprint = {1710.05142},
 primaryClass = {astro-ph.EP},
       adsurl = {https://ui.adsabs.harvard.edu/\#abs/2017ApJ...850..103B},
      adsnote = {Provided by the SAO/NASA Astrophysics Data System}
}

@ARTICLE{2000Icar..143...45R,
       author = {{Richardson}, Derek C. and {Quinn}, Thomas and {Stadel}, Joachim and
        {Lake}, George},
        title = "{Direct Large-Scale N-Body Simulations of Planetesimal Dynamics}",
      journal = {\icarus},
         year = 2000,
        month = Jan,
       volume = {143},
        pages = {45-59},
          doi = {10.1006/icar.1999.6243},
       adsurl = {https://ui.adsabs.harvard.edu/\#abs/2000Icar..143...45R},
      adsnote = {Provided by the SAO/NASA Astrophysics Data System}
}

@ARTICLE{2015ApJ...806...23L,
       author = {{Leinhardt}, Zo{\"e} M. and {Dobinson}, Jack and {Carter}, Philip J. and
        {Lines}, Stefan},
        title = "{Numerically Predicted Indirect Signatures of Terrestrial Planet Formation}",
      journal = {\apj},
     keywords = {methods: numerical, planets and satellites: formation, Astrophysics - Earth and Planetary Astrophysics},
         year = 2015,
        month = Jun,
       volume = {806},
          eid = {23},
        pages = {23},
          doi = {10.1088/0004-637X/806/1/23},
archivePrefix = {arXiv},
       eprint = {1506.05233},
 primaryClass = {astro-ph.EP},
       adsurl = {https://ui.adsabs.harvard.edu/\#abs/2015ApJ...806...23L},
      adsnote = {Provided by the SAO/NASA Astrophysics Data System}
}

@ARTICLE{2019arXiv190103680V,
       author = {{van der Marel}, Nienke and {Dong}, Ruobing and {di Francesco}, James
        and {Williams}, Jonathan and {Tobin}, John},
        title = "{Protoplanetary disk rings and gaps across ages and luminosities}",
      journal = {arXiv e-prints},
     keywords = {Astrophysics - Earth and Planetary Astrophysics},
         year = 2019,
        month = Jan,
          eid = {arXiv:1901.03680},
        pages = {arXiv:1901.03680},
archivePrefix = {arXiv},
       eprint = {1901.03680},
 primaryClass = {astro-ph.EP},
       adsurl = {https://ui.adsabs.harvard.edu/\#abs/2019arXiv190103680V},
      adsnote = {Provided by the SAO/NASA Astrophysics Data System}
}

@ARTICLE{2016ApJ...818..159T,
       author = {{Tabeshian}, Maryam and {Wiegert}, Paul A.},
        title = "{Detection and Characterization of Extrasolar Planets through Mean-motion Resonances. I. Simulations of Hypothetical Debris Disks}",
      journal = {\apj},
     keywords = {planet─disk interactions, planets and satellites: detection, Astrophysics - Earth and Planetary Astrophysics},
         year = "2016",
        month = "Feb",
       volume = {818},
          eid = {159},
        pages = {159},
          doi = {10.3847/0004-637X/818/2/159},
archivePrefix = {arXiv},
       eprint = {1507.02661},
 primaryClass = {astro-ph.EP},
       adsurl = {https://ui.adsabs.harvard.edu/\#abs/2016ApJ...818..159T},
      adsnote = {Provided by the SAO/NASA Astrophysics Data System}
}

@ARTICLE{2018ApJ...857....3T,
       author = {{Tabeshian}, Maryam and {Wiegert}, Paul A.},
        title = "{Applying a Particle-only Model to the HL Tau Disk}",
      journal = {\apj},
     keywords = {celestial mechanics, planet─disk interactions, planets and satellites: detection, planets and satellites: fundamental parameters, protoplanetary disks, Astrophysics - Earth and Planetary Astrophysics},
         year = "2018",
        month = "Apr",
       volume = {857},
          eid = {3},
        pages = {3},
          doi = {10.3847/1538-4357/aab668},
archivePrefix = {arXiv},
       eprint = {1804.03076},
 primaryClass = {astro-ph.EP},
       adsurl = {https://ui.adsabs.harvard.edu/\#abs/2018ApJ...857....3T},
      adsnote = {Provided by the SAO/NASA Astrophysics Data System}
}

@ARTICLE{2015ApJ...805..100T,
       author = {{Tamayo}, D. and {Triaud}, A.~H.~M.~J. and {Menou}, K. and {Rein}, H.},
        title = "{Dynamical Stability of Imaged Planetary Systems in Formation: Application to HL Tau}",
      journal = {\apj},
     keywords = {celestial mechanics, planet─disk interactions, planetary systems, planets and satellites: dynamical evolution and stability, planets and satellites: formation, submillimeter: planetary systems, Astrophysics - Earth and Planetary Astrophysics, Astrophysics - Solar and Stellar Astrophysics},
         year = "2015",
        month = "Jun",
       volume = {805},
          eid = {100},
        pages = {100},
          doi = {10.1088/0004-637X/805/2/100},
archivePrefix = {arXiv},
       eprint = {1502.05099},
 primaryClass = {astro-ph.EP},
       adsurl = {https://ui.adsabs.harvard.edu/\#abs/2015ApJ...805..100T},
      adsnote = {Provided by the SAO/NASA Astrophysics Data System}
}

@ARTICLE{2018MNRAS.473.3547R,
       author = {{Reg{\'a}ly}, Zs. and {Dencs}, Z. and {Mo{\'o}r}, A. and
         {Kov{\'a}cs}, T.},
        title = "{On the cavity of a debris disc carved by a giant planet}",
      journal = {\mnras},
     keywords = {methods: numerical, celestial mechanics, planets and satellites: dynamical evolution and stability, planet-disc interactions, Astrophysics - Earth and Planetary Astrophysics, Astrophysics - Solar and Stellar Astrophysics},
         year = "2018",
        month = "Jan",
       volume = {473},
        pages = {3547-3558},
          doi = {10.1093/mnras/stx2604},
archivePrefix = {arXiv},
       eprint = {1710.01524},
 primaryClass = {astro-ph.EP},
       adsurl = {https://ui.adsabs.harvard.edu/\#abs/2018MNRAS.473.3547R},
      adsnote = {Provided by the SAO/NASA Astrophysics Data System}
}

@INPROCEEDINGS{1984prin.conf..513S,
       author = {{Shu}, F.~H.},
        title = "{Waves in planetary rings}",
     keywords = {Celestial Mechanics, Density Wave Model, Gravity Waves, Planetary Rings, Saturn Rings, Natural Satellites, Orbital Mechanics, Particle Density (Concentration), Resonance, Spiral Galaxies, Viscosity, Wave Excitation, Astrophysics},
    booktitle = {IAU Colloq. 75: Planetary Rings},
         year = "1984",
       editor = {{Greenberg}, R. and {Brahic}, A.},
        month = "Jan",
        pages = {513-561},
       adsurl = {https://ui.adsabs.harvard.edu/\#abs/1984prin.conf..513S},
      adsnote = {Provided by the SAO/NASA Astrophysics Data System}
}

@ARTICLE{2017Icar..297..134R,
       author = {{Raymond}, Sean N. and {Izidoro}, Andre},
        title = "{Origin of water in the inner Solar System: Planetesimals scattered inward during Jupiter and Saturn's rapid gas accretion}",
      journal = {\icarus},
     keywords = {Origins of Solar System, Planetary formation, Astrophysics - Earth and Planetary Astrophysics, Astrophysics - Solar and Stellar Astrophysics},
         year = "2017",
        month = "Nov",
       volume = {297},
        pages = {134-148},
          doi = {10.1016/j.icarus.2017.06.030},
archivePrefix = {arXiv},
       eprint = {1707.01234},
 primaryClass = {astro-ph.EP},
       adsurl = {https://ui.adsabs.harvard.edu/abs/2017Icar..297..134R},
      adsnote = {Provided by the SAO/NASA Astrophysics Data System}
}

@ARTICLE{2005Natur.436..363S,
       author = {{Song}, Inseok and {Zuckerman}, B. and {Weinberger}, Alycia J. and
         {Becklin}, E.~E.},
        title = "{Extreme collisions between planetesimals as the origin of warm dust around a Sun-like star}",
      journal = {\nat},
         year = "2005",
        month = "Jul",
       volume = {436},
        pages = {363-365},
          doi = {10.1038/nature03853},
       adsurl = {https://ui.adsabs.harvard.edu/abs/2005Natur.436..363S},
      adsnote = {Provided by the SAO/NASA Astrophysics Data System}
}

@ARTICLE{2012ApJ...750....8T,
       author = {{Turrini}, D. and {Coradini}, A. and {Magni}, G.},
        title = "{Jovian Early Bombardment: Planetesimal Erosion in the Inner Asteroid Belt}",
      journal = {\apj},
     keywords = {celestial mechanics, methods: numerical, minor planets, asteroids: general, planets and satellites: dynamical evolution and stability, planets and satellites: formation, planets and satellites: individual: Jupiter, Astrophysics - Earth and Planetary Astrophysics},
         year = "2012",
        month = "May",
       volume = {750},
          eid = {8},
        pages = {8},
          doi = {10.1088/0004-637X/750/1/8},
archivePrefix = {arXiv},
       eprint = {1202.4887},
 primaryClass = {astro-ph.EP},
       adsurl = {https://ui.adsabs.harvard.edu/abs/2012ApJ...750....8T},
      adsnote = {Provided by the SAO/NASA Astrophysics Data System}
}

@ARTICLE{2016Sci...353.1519P,
       author = {{P{\'e}rez}, Laura M. and {Carpenter}, John M. and {Andrews}, Sean M. and
         {Ricci}, Luca and {Isella}, Andrea and {Linz}, Hendrik and
         {Sargent}, Anneila I. and {Wilner}, David J. and {Henning}, Thomas and
         {Deller}, Adam T. and {Chandler}, Claire J. and
         {Dullemond}, Cornelis P. and {Lazio}, Joseph and {Menten}, Karl M. and
         {Corder}, Stuartt A. and {Storm}, Shaye and {Testi}, Leonardo and
         {Tazzari}, Marco and {Kwon}, Woojin and {Calvet}, Nuria and
         {Greaves}, Jane S. and {Harris}, Robert J. and {Mundy}, Lee G.},
        title = "{Spiral density waves in a young protoplanetary disk}",
      journal = {Science},
     keywords = {ASTRONOMY, Astrophysics - Astrophysics of Galaxies, Astrophysics - Earth and Planetary Astrophysics, Astrophysics - Solar and Stellar Astrophysics},
         year = "2016",
        month = "Sep",
       volume = {353},
        pages = {1519-1521},
          doi = {10.1126/science.aaf8296},
archivePrefix = {arXiv},
       eprint = {1610.05139},
 primaryClass = {astro-ph.GA},
       adsurl = {https://ui.adsabs.harvard.edu/abs/2016Sci...353.1519P},
      adsnote = {Provided by the SAO/NASA Astrophysics Data System}
}

@ARTICLE{2015ApJ...808L...3A,
       author = {{ALMA Partnership} and {Brogan}, C.~L. and {P{\'e}rez}, L.~M. and
         {Hunter}, T.~R. and {Dent}, W.~R.~F. and {Hales}, A.~S. and
         {Hills}, R.~E. and {Corder}, S. and {Fomalont}, E.~B. and
         {Vlahakis}, C. and {Asaki}, Y. and {Barkats}, D. and {Hirota}, A. and
         {Hodge}, J.~A. and {Impellizzeri}, C.~M.~V. and {Kneissl}, R. and
         {Liuzzo}, E. and {Lucas}, R. and {Marcelino}, N. and {Matsushita}, S. and
         {Nakanishi}, K. and {Phillips}, N. and {Richards}, A.~M.~S. and
         {Toledo}, I. and {Aladro}, R. and {Broguiere}, D. and {Cortes}, J.~R. and
         {Cortes}, P.~C. and {Espada}, D. and {Galarza}, F. and
         {Garcia-Appadoo}, D. and {Guzman-Ramirez}, L. and {Humphreys}, E.~M. and
         {Jung}, T. and {Kameno}, S. and {Laing}, R.~A. and {Leon}, S. and
         {Marconi}, G. and {Mignano}, A. and {Nikolic}, B. and {Nyman}, L. -A. and
         {Radiszcz}, M. and {Remijan}, A. and {Rod{\'o}n}, J.~A. and
         {Sawada}, T. and {Takahashi}, S. and {Tilanus}, R.~P.~J. and
         {Vila Vilaro}, B. and {Watson}, L.~C. and {Wiklind}, T. and
         {Akiyama}, E. and {Chapillon}, E. and {de Gregorio-Monsalvo}, I. and
         {Di Francesco}, J. and {Gueth}, F. and {Kawamura}, A. and
         {Lee}, C. -F. and {Nguyen Luong}, Q. and {Mangum}, J. and {Pietu}, V. and
         {Sanhueza}, P. and {Saigo}, K. and {Takakuwa}, S. and {Ubach}, C. and
         {van Kempen}, T. and {Wootten}, A. and {Castro-Carrizo}, A. and
         {Francke}, H. and {Gallardo}, J. and {Garcia}, J. and {Gonzalez}, S. and
         {Hill}, T. and {Kaminski}, T. and {Kurono}, Y. and {Liu}, H. -Y. and
         {Lopez}, C. and {Morales}, F. and {Plarre}, K. and {Schieven}, G. and
         {Testi}, L. and {Videla}, L. and {Villard}, E. and {Andreani}, P. and
         {Hibbard}, J.~E. and {Tatematsu}, K.},
        title = "{The 2014 ALMA Long Baseline Campaign: First Results from High Angular Resolution Observations toward the HL Tau Region}",
      journal = {\apj},
     keywords = {protoplanetary disks, stars: formation, stars: individual: HL Tau, XZ Tau, LkH{\ensuremath{\alpha}}358, submillimeter: planetary systems, techniques: interferometric, Astrophysics - Solar and Stellar Astrophysics},
         year = "2015",
        month = "Jul",
       volume = {808},
          eid = {L3},
        pages = {L3},
          doi = {10.1088/2041-8205/808/1/L3},
archivePrefix = {arXiv},
       eprint = {1503.02649},
 primaryClass = {astro-ph.SR},
       adsurl = {https://ui.adsabs.harvard.edu/abs/2015ApJ...808L...3A},
      adsnote = {Provided by the SAO/NASA Astrophysics Data System}
}

@ARTICLE{2016ApJ...820L..40A,
       author = {{Andrews}, Sean M. and {Wilner}, David J. and {Zhu}, Zhaohuan and
         {Birnstiel}, Tilman and {Carpenter}, John M. and {P{\'e}rez}, Laura M. and
         {Bai}, Xue-Ning and {{\"O}berg}, Karin I. and {Hughes}, A. Meredith and
         {Isella}, Andrea and {Ricci}, Luca},
        title = "{Ringed Substructure and a Gap at 1 au in the Nearest Protoplanetary Disk}",
      journal = {\apj},
     keywords = {planet─disk interactions, protoplanetary disks, stars: individual: TW Hydrae, Astrophysics - Earth and Planetary Astrophysics},
         year = "2016",
        month = "Apr",
       volume = {820},
          eid = {L40},
        pages = {L40},
          doi = {10.3847/2041-8205/820/2/L40},
archivePrefix = {arXiv},
       eprint = {1603.09352},
 primaryClass = {astro-ph.EP},
       adsurl = {https://ui.adsabs.harvard.edu/abs/2016ApJ...820L..40A},
      adsnote = {Provided by the SAO/NASA Astrophysics Data System}
}

@ARTICLE{2016Natur.535..258C,
       author = {{Cieza}, Lucas A. and {Casassus}, Simon and {Tobin}, John and
         {Bos}, Steven P. and {Williams}, Jonathan P. and {Perez}, Sebastian and
         {Zhu}, Zhaohuan and {Caceres}, Claudio and {Canovas}, Hector and
         {Dunham}, Michael M. and {Hales}, Antonio and {Prieto}, Jose L. and
         {Principe}, David A. and {Schreiber}, Matthias R. and
         {Ruiz-Rodriguez}, Dary and {Zurlo}, Alice},
        title = "{Imaging the water snow-line during a protostellar outburst}",
      journal = {\nat},
     keywords = {Astrophysics - Solar and Stellar Astrophysics, Astrophysics - Earth and Planetary Astrophysics},
         year = "2016",
        month = "Jul",
       volume = {535},
        pages = {258-261},
          doi = {10.1038/nature18612},
archivePrefix = {arXiv},
       eprint = {1607.03757},
 primaryClass = {astro-ph.SR},
       adsurl = {https://ui.adsabs.harvard.edu/abs/2016Natur.535..258C},
      adsnote = {Provided by the SAO/NASA Astrophysics Data System}
}

@ARTICLE{2015MNRAS.453L..73D,
       author = {{Dipierro}, Giovanni and {Price}, Daniel and {Laibe}, Guillaume and
         {Hirsh}, Kieran and {Cerioli}, Alice and {Lodato}, Giuseppe},
        title = "{On planet formation in HL Tau}",
      journal = {\mnras},
     keywords = {planet-disc interactions, protoplanetary discs, dust, extinction, submillimetre: planetary systems, Astrophysics - Earth and Planetary Astrophysics},
         year = "2015",
        month = "Oct",
       volume = {453},
        pages = {L73-L77},
          doi = {10.1093/mnrasl/slv105},
archivePrefix = {arXiv},
       eprint = {1507.06719},
 primaryClass = {astro-ph.EP},
       adsurl = {https://ui.adsabs.harvard.edu/abs/2015MNRAS.453L..73D},
      adsnote = {Provided by the SAO/NASA Astrophysics Data System}
}

@ARTICLE{PhysRevLett.117.251101,
  title = {Ringed Structures of the HD 163296 Protoplanetary Disk Revealed by ALMA},
  author = {Isella, Andrea and Guidi, Greta and Testi, Leonardo and Liu, Shangfei and Li, Hui and Li, Shengtai and Weaver, Erik and Boehler, Yann and Carperter, John M. and De Gregorio-Monsalvo, Itziar and Manara, Carlo F. and Natta, Antonella and P\'erez, Laura M. and Ricci, Luca and Sargent, Anneila and Tazzari, Marco and Turner, Neal},
  journal = {Phys. Rev. Lett.},
  volume = {117},
  issue = {25},
  pages = {251101},
  numpages = {8},
  year = {2016},
  month = {Dec},
  publisher = {American Physical Society},
  doi = {10.1103/PhysRevLett.117.251101},
  url = {https://link.aps.org/doi/10.1103/PhysRevLett.117.251101}
}

@ARTICLE{2001A&A...370..447A,
       author = {{Augereau}, J.~C. and {Nelson}, R.~P. and {Lagrange}, A.~M. and
         {Papaloizou}, J.~C.~B. and {Mouillet}, D.},
        title = "{Dynamical modeling of large scale asymmetries in the beta Pictoris dust disk}",
      journal = {\aap},
     keywords = {STARS: CIRCUMSTELLAR MATTER, STARS: BETA PICTORIS, Astrophysics},
         year = "2001",
        month = "May",
       volume = {370},
        pages = {447-455},
          doi = {10.1051/0004-6361:20010199},
archivePrefix = {arXiv},
       eprint = {astro-ph/0102069},
 primaryClass = {astro-ph},
       adsurl = {https://ui.adsabs.harvard.edu/abs/2001A&A...370..447A},
      adsnote = {Provided by the SAO/NASA Astrophysics Data System}
}

@ARTICLE{2015ApJ...798...83N,
       author = {{Nesvold}, Erika R. and {Kuchner}, Marc J.},
        title = "{Gap Clearing by Planets in a Collisional Debris Disk}",
      journal = {\apj},
     keywords = {celestial mechanics, circumstellar matter, methods: numerical, planet-disk interactions, planetary systems, Astrophysics - Earth and Planetary Astrophysics},
         year = "2015",
        month = "Jan",
       volume = {798},
          eid = {83},
        pages = {83},
          doi = {10.1088/0004-637X/798/2/83},
archivePrefix = {arXiv},
       eprint = {1410.7784},
 primaryClass = {astro-ph.EP},
       adsurl = {https://ui.adsabs.harvard.edu/abs/2015ApJ...798...83N},
      adsnote = {Provided by the SAO/NASA Astrophysics Data System}
}

@ARTICLE{2015ApJ...813L..14B,
       author = {{Birnstiel}, Tilman and {Andrews}, Sean M. and {Pinilla}, Paola and
         {Kama}, Mihkel},
        title = "{Dust Evolution Can Produce Scattered Light Gaps in Protoplanetary Disks}",
      journal = {\apj},
     keywords = {accretion, accretion disks, circumstellar matter, protoplanetary disks, Astrophysics - Earth and Planetary Astrophysics, Astrophysics - Solar and Stellar Astrophysics},
         year = "2015",
        month = "Nov",
       volume = {813},
          eid = {L14},
        pages = {L14},
          doi = {10.1088/2041-8205/813/1/L14},
archivePrefix = {arXiv},
       eprint = {1510.05660},
 primaryClass = {astro-ph.EP},
       adsurl = {https://ui.adsabs.harvard.edu/abs/2015ApJ...813L..14B},
      adsnote = {Provided by the SAO/NASA Astrophysics Data System}
}

@ARTICLE{2017ApJ...842....8M,
       author = {{MacGregor}, Meredith A. and {Matr{\`a}}, Luca and {Kalas}, Paul and
         {Wilner}, David J. and {Pan}, Margaret and {Kennedy}, Grant M. and
         {Wyatt}, Mark C. and {Duchene}, Gaspard and {Hughes}, A. Meredith and
         {Rieke}, George H. and {Clampin}, Mark and {Fitzgerald}, Michael P. and
         {Graham}, James R. and {Holland}, Wayne S. and {Pani{\'c}}, Olja and
         {Shannon}, Andrew and {Su}, Kate},
        title = "{A Complete ALMA Map of the Fomalhaut Debris Disk}",
      journal = {\apj},
     keywords = {circumstellar matter, stars: individual: Fomalhaut, submillimeter: planetary systems, Astrophysics - Earth and Planetary Astrophysics, Astrophysics - Solar and Stellar Astrophysics},
         year = "2017",
        month = "Jun",
       volume = {842},
          eid = {8},
        pages = {8},
          doi = {10.3847/1538-4357/aa71ae},
archivePrefix = {arXiv},
       eprint = {1705.05867},
 primaryClass = {astro-ph.EP},
       adsurl = {https://ui.adsabs.harvard.edu/abs/2017ApJ...842....8M},
      adsnote = {Provided by the SAO/NASA Astrophysics Data System}
}

@ARTICLE{2008ARA&A..46..339W,
       author = {{Wyatt}, M.~C.},
        title = "{Evolution of debris disks.}",
      journal = {Annual Review of Astronomy and Astrophysics},
         year = "2008",
        month = "Sep",
       volume = {46},
        pages = {339-383},
          doi = {10.1146/annurev.astro.45.051806.110525},
       adsurl = {https://ui.adsabs.harvard.edu/abs/2008ARA&A..46..339W},
      adsnote = {Provided by the SAO/NASA Astrophysics Data System}
}

@ARTICLE{2013ApJ...777L..31D,
       author = {{Dobinson}, Jack and {Leinhardt}, Zo{\"e} M. and
         {Dodson-Robinson}, Sarah E. and {Teanby}, Nick A.},
        title = "{Hiding in the Shadows: Searching for Planets in Pre-transitional and Transitional Disks}",
      journal = {\apj},
     keywords = {planet-disk interactions, protoplanetary disks, Astrophysics - Earth and Planetary Astrophysics},
         year = "2013",
        month = "Nov",
       volume = {777},
          eid = {L31},
        pages = {L31},
          doi = {10.1088/2041-8205/777/2/L31},
archivePrefix = {arXiv},
       eprint = {1309.6480},
 primaryClass = {astro-ph.EP},
       adsurl = {https://ui.adsabs.harvard.edu/abs/2013ApJ...777L..31D},
      adsnote = {Provided by the SAO/NASA Astrophysics Data System}
}

@ARTICLE{2016ApJ...820...29D,
       author = {{Dobinson}, Jack and {Leinhardt}, Zo{\"e} M. and {Lines}, Stefan and
         {Carter}, Philip J. and {Dodson-Robinson}, Sarah E. and
         {Teanby}, Nick A.},
        title = "{Hiding in the Shadows. II. Collisional Dust as Exoplanet Markers}",
      journal = {\apj},
     keywords = {methods: numerical, planet─disk interactions, protoplanetary disks, Astrophysics - Earth and Planetary Astrophysics},
         year = "2016",
        month = "Mar",
       volume = {820},
          eid = {29},
        pages = {29},
          doi = {10.3847/0004-637X/820/1/29},
archivePrefix = {arXiv},
       eprint = {1601.03319},
 primaryClass = {astro-ph.EP},
       adsurl = {https://ui.adsabs.harvard.edu/abs/2016ApJ...820...29D},
      adsnote = {Provided by the SAO/NASA Astrophysics Data System}
}

@ARTICLE{2014MNRAS.443.2541P,
       author = {{Pearce}, Tim D. and {Wyatt}, Mark C.},
        title = "{Dynamical evolution of an eccentric planet and a less massive debris disc}",
      journal = {\mnras},
     keywords = {planets and satellites: dynamical evolution and stability, planet-disc interactions, circumstellar matter, Astrophysics - Earth and Planetary Astrophysics},
         year = "2014",
        month = "Sep",
       volume = {443},
        pages = {2541-2560},
          doi = {10.1093/mnras/stu1302},
archivePrefix = {arXiv},
       eprint = {1406.7294},
 primaryClass = {astro-ph.EP},
       adsurl = {https://ui.adsabs.harvard.edu/abs/2014MNRAS.443.2541P},
      adsnote = {Provided by the SAO/NASA Astrophysics Data System}
}

@ARTICLE{2015MNRAS.448.3679P,
       author = {{Pearce}, Tim D. and {Wyatt}, Mark C. and {Kennedy}, Grant M.},
        title = "{Constraining the orbits of sub-stellar companions imaged over short orbital arcs}",
      journal = {\mnras},
     keywords = {astrometry, planets and satellites: fundamental parameters, planets and satellites: individual: Fomalhaut b, binaries: visual, Astrophysics - Earth and Planetary Astrophysics},
         year = "2015",
        month = "Apr",
       volume = {448},
        pages = {3679-3688},
          doi = {10.1093/mnras/stv252},
archivePrefix = {arXiv},
       eprint = {1502.01834},
 primaryClass = {astro-ph.EP},
       adsurl = {https://ui.adsabs.harvard.edu/abs/2015MNRAS.448.3679P},
      adsnote = {Provided by the SAO/NASA Astrophysics Data System}
}

@ARTICLE{2009MNRAS.399.1403M,
       author = {{Mustill}, Alexander J. and {Wyatt}, Mark C.},
        title = "{Debris disc stirring by secular perturbations from giant planets}",
      journal = {\mnras},
     keywords = {circumstellar matter, planetary systems: formation, stars: individual: {\ensuremath{\in}} Eridani, stars: individual: Fomalhaut, planetary systems: protoplanetary discs, Astrophysics - Earth and Planetary Astrophysics},
         year = "2009",
        month = "Nov",
       volume = {399},
       number = {3},
        pages = {1403-1414},
          doi = {10.1111/j.1365-2966.2009.15360.x},
archivePrefix = {arXiv},
       eprint = {0907.1389},
 primaryClass = {astro-ph.EP},
       adsurl = {https://ui.adsabs.harvard.edu/abs/2009MNRAS.399.1403M},
      adsnote = {Provided by the SAO/NASA Astrophysics Data System}
}

@ARTICLE{2001A&A...373..683C,
       author = {{Charnoz}, S. and {Th{\'e}bault}, P. and {Brahic}, A.},
        title = "{Short-term collisional evolution of a disc perturbed by a giant-planet embryo}",
      journal = {\aap},
     keywords = {SOLAR SYSTEM: FORMATION, PLANETS ANS SATELLITES: GENERAL, MINOR PLANETS, ASTEROID},
         year = "2001",
        month = "Jul",
       volume = {373},
        pages = {683-701},
          doi = {10.1051/0004-6361:20010517},
       adsurl = {https://ui.adsabs.harvard.edu/abs/2001A&A...373..683C},
      adsnote = {Provided by the SAO/NASA Astrophysics Data System}
}

@ARTICLE{2015AphCom..2..1,
   author = {{Menon}, H. and {Wesolowski}, L. and {Zheng}, G. et al.},
    title = "{Adaptive Techniques for Clustered N-Body Cosmological Simulations}",
  journal = {Computational Astrophysics and Cosmology},
     year = 2015,
   volume = 2,
    pages = {1},
   adsurl = {http://dx.doi.org/10.1186/s40668-015-0007-9}
}

@ARTICLE{2008IEEEpds...ChaNGa,
   author = {{Jetley}, P. and {Gioachin}, F. and {Mendes}, C. {Kale}, L. and {Quinn}, T.},
    title = "{Massively parallel cosmological simulations with ChaNGa}",
  journal = {Proceedings of IEEE International Parallel and Distributed Processing Symposium},
     year = 2008
}

@ARTICLE{1967SvA....10..650S,
       author = {{Safronov}, V.~S.},
        title = "{The Protoplanetary Cloud and Its Evolution}",
      journal = {\sovast},
         year = "1967",
        month = "Feb",
       volume = {10},
        pages = {650},
       adsurl = {https://ui.adsabs.harvard.edu/abs/1967SvA....10..650S},
      adsnote = {Provided by the SAO/NASA Astrophysics Data System}
}

@ARTICLE{1999ApJ...527..918W,
       author = {{Wyatt}, M.~C. and {Dermott}, S.~F. and {Telesco}, C.~M. and
         {Fisher}, R.~S. and {Grogan}, K. and {Holmes}, E.~K. and
         {Pi{\~n}a}, R.~K.},
        title = "{How Observations of Circumstellar Disk Asymmetries Can Reveal Hidden Planets: Pericenter Glow and Its Application to the HR 4796 Disk}",
      journal = {\apj},
     keywords = {ACCRETION, ACCRETION DISKS, STARS: BINARIES: VISUAL, CELESTIAL MECHANICS, STELLAR DYNAMICS, STARS: CIRCUMSTELLAR MATTER, STARS: PLANETARY SYSTEMS, STARS: IMAGING, STARS: INDIVIDUAL (HR 4796), Accretion, Accretion Disks, Stars: Binaries: Visual, Celestial Mechanics, Stellar Dynamics, Stars: Circumstellar Matter, Stars: Planetary Systems, Stars: Imaging, stars: individual (HR 4796), Astrophysics},
         year = "1999",
        month = "Dec",
       volume = {527},
       number = {2},
        pages = {918-944},
          doi = {10.1086/308093},
archivePrefix = {arXiv},
       eprint = {astro-ph/9908267},
 primaryClass = {astro-ph},
       adsurl = {https://ui.adsabs.harvard.edu/abs/1999ApJ...527..918W},
      adsnote = {Provided by the SAO/NASA Astrophysics Data System}
}

@BOOK{2000ssd..book.....M,
   author = {{Murray}, C.~D. and {Dermott}, S.~F.},
    title = "{Solar System Dynamics}",
booktitle = {``Solar System Dynamics, by C.D.~Murray and S.F.~Dermott.~ISBN 0521575974.~<A href=''http://www.cambridge.org/us/catalogue/catalogue.asp?isbn=0521575974.~Cambridge``>http://www.cambridge.org/us/catalogue/catalogue.asp?isbn=0521575974 </A>Cambridge, UK: Cambridge University Press, 1999.''},
     year = 2000,
    month = feb,
   adsurl = {http://adsabs.harvard.edu/abs/2000ssd..book.....M},
  adsnote = {Provided by the SAO/NASA Astrophysics Data System}
}

@ARTICLE{1992Icar...96..107I,
       author = {{Ida}, Shigeru and {Makino}, Junichiro},
        title = "{N-Body simulation of gravitational interaction between planetesimals and a protoplanet . I. velocity distribution of planetesimals}",
      journal = {\icarus},
     keywords = {Computerized Simulation, Gravitational Effects, Many Body Problem, Protoplanets, Normal Density Functions, Solar Gravitation, Three Dimensional Models, Lunar and Planetary Exploration},
         year = "1992",
        month = "Mar",
       volume = {96},
       number = {1},
        pages = {107-120},
          doi = {10.1016/0019-1035(92)90008-U},
       adsurl = {https://ui.adsabs.harvard.edu/abs/1992Icar...96..107I},
      adsnote = {Provided by the SAO/NASA Astrophysics Data System}
}

@ARTICLE{1986Natur.324..446B,
       author = {{Barnes}, Josh and {Hut}, Piet},
        title = "{A hierarchical O(N log N) force-calculation algorithm}",
      journal = {\nat},
     keywords = {Computational Astrophysics, Many Body Problem, Numerical Integration, Stellar Motions, Algorithms, Hierarchies, Physics (General)},
         year = "1986",
        month = "Dec",
       volume = {324},
       number = {6096},
        pages = {446-449},
          doi = {10.1038/324446a0},
       adsurl = {https://ui.adsabs.harvard.edu/abs/1986Natur.324..446B},
      adsnote = {Provided by the SAO/NASA Astrophysics Data System}
}

@ARTICLE{1981PThPS..70...35H,
   author = {{Hayashi}, C.},
    title = "{Structure of the Solar Nebula, Growth and Decay of Magnetic Fields and Effects of Magnetic and Turbulent Viscosities on the Nebula}",
  journal = {Progress of Theoretical Physics Supplement},
     year = 1981,
   volume = 70,
    pages = {35-53},
      doi = {10.1143/PTPS.70.35},
   adsurl = {http://adsabs.harvard.edu/abs/1981PThPS..70...35H},
  adsnote = {Provided by the SAO/NASA Astrophysics Data System}
}

@ARTICLE{2002ApJ...581..666K,
       author = {{Kokubo}, Eiichiro and {Ida}, Shigeru},
        title = "{Formation of Protoplanet Systems and Diversity of Planetary Systems}",
      journal = {\apj},
     keywords = {Stars: Planetary Systems, Stars: Planetary Systems: Formation, Solar System: Formation},
         year = "2002",
        month = "Dec",
       volume = {581},
       number = {1},
        pages = {666-680},
          doi = {10.1086/344105},
       adsurl = {https://ui.adsabs.harvard.edu/abs/2002ApJ...581..666K},
      adsnote = {Provided by the SAO/NASA Astrophysics Data System}
}

@ARTICLE{1993MNRAS.263..875I,
       author = {{Ida}, S. and {Kokubo}, E. and {Makino}, J.},
        title = "{The Origin of Anisotropic Velocity Dispersion of Particles in a Disc Potential}",
      journal = {\mnras},
     keywords = {celestial mechanics, stellar dynamics - Solar system: formation - Galaxy: kinematics and dynamics - solar neighbourhood},
         year = "1993",
        month = "Aug",
       volume = {263},
        pages = {875},
          doi = {10.1093/mnras/263.4.875},
       adsurl = {https://ui.adsabs.harvard.edu/abs/1993MNRAS.263..875I},
      adsnote = {Provided by the SAO/NASA Astrophysics Data System}
}

@ARTICLE{2003AJ....125.2692L,
       author = {{Levison}, Harold F. and {Agnor}, Craig},
        title = "{The Role of Giant Planets in Terrestrial Planet Formation}",
      journal = {\aj},
     keywords = {Planets and Satellites: Formation, Solar System: Formation},
         year = "2003",
        month = "May",
       volume = {125},
       number = {5},
        pages = {2692-2713},
          doi = {10.1086/374625},
       adsurl = {https://ui.adsabs.harvard.edu/abs/2003AJ....125.2692L},
      adsnote = {Provided by the SAO/NASA Astrophysics Data System}
}

@ARTICLE{2019MNRAS.489.2159W,
       author = {{Wallace}, Spencer C. and {Quinn}, Thomas R.},
        title = "{N-body simulations of terrestrial planet growth with resonant dynamical friction}",
      journal = {\mnras},
     keywords = {methods: numerical, planets and satellites: formation, Astrophysics - Earth and Planetary Astrophysics},
         year = "2019",
        month = "Oct",
       volume = {489},
       number = {2},
        pages = {2159-2176},
          doi = {10.1093/mnras/stz2284},
archivePrefix = {arXiv},
       eprint = {1810.07201},
 primaryClass = {astro-ph.EP},
       adsurl = {https://ui.adsabs.harvard.edu/abs/2019MNRAS.489.2159W},
      adsnote = {Provided by the SAO/NASA Astrophysics Data System}
}

@ARTICLE{1976PThPh..56.1756A,
       author = {{Adachi}, I. and {Hayashi}, C. and {Nakazawa}, K.},
        title = "{The gas drag effect on the elliptical motion of a solid body in the primordial solar nebula.}",
      journal = {Progress of Theoretical Physics},
         year = "1976",
        month = "Dec",
       volume = {56},
        pages = {1756-1771},
          doi = {10.1143/PTP.56.1756},
       adsurl = {https://ui.adsabs.harvard.edu/abs/1976PThPh..56.1756A},
      adsnote = {Provided by the SAO/NASA Astrophysics Data System}
}

@ARTICLE{scikit-learn,
 title={Scikit-learn: Machine Learning in {P}ython},
 author={Pedregosa, F. and Varoquaux, G. and Gramfort, A. and Michel, V.
         and Thirion, B. and Grisel, O. and Blondel, M. and Prettenhofer, P.
         and Weiss, R. and Dubourg, V. and Vanderplas, J. and Passos, A. and
         Cournapeau, D. and Brucher, M. and Perrot, M. and Duchesnay, E.},
 journal={Journal of Machine Learning Research},
 volume={12},
 pages={2825--2830},
 year={2011}
}

@ARTICLE{1994PhyD...77..289M,
       author = {{Malhotra}, Renu},
        title = "{Nonlinear resonances in the solar system}",
      journal = {Physica D Nonlinear Phenomena},
     keywords = {Nonlinear Sciences - Chaotic Dynamics, Astrophysics},
         year = 1994,
        month = oct,
       volume = {77},
       number = {1-3},
        pages = {289-304},
          doi = {10.1016/0167-2789(94)90141-4},
archivePrefix = {arXiv},
       eprint = {chao-dyn/9406004},
 primaryClass = {nlin.CD},
       adsurl = {https://ui.adsabs.harvard.edu/abs/1994PhyD...77..289M},
      adsnote = {Provided by the SAO/NASA Astrophysics Data System}
}

